@manuel{V44,
    title = {Versuchsanleitung zu Versuch Nr. 44, Röntgenreflektometrie},
    year = {2023},
    organization = {Fakultät Physik, TU Dortmund}
}
